4617 5859
178 283 524 400 Qfflm
623 253 635 270 “
842 293 1309 393 uasmcasourtrs.
1354 307 1361 314 ·

176 579 180 589 .
204 524 226 570 ·,
278 476 359 584 [ff]
388 479 601 578 Risit-etism
621 481 937 564 uetustis-vomerem
954 483 1071 592 infiges
1084 492 1182 592 egris.

294 588 452 664 Similiter
467 598 573 674 vernis
592 599 630 666 in
648 589 785 689 piscibus
802 590 988 690 optima-cll
1019 603 1021 606 ’
1119 587 1126 597 ’

191 697 196 709 “
295 691 461 790 Agricolis
478 695 695 777 'l'beae'lilia,
722 695 802 768 dum
818 695 903 768 alana
918 721 1018 793 opera
1030 715 1186 770 exercent

151 847 196 898 ¹„
294 795 423 868 Cereris
439 789 631 894 odoriferae
643 825 680 870 ac
702 795 844 870 florente
861 823 987 872 corona
1007 789 1105 870 cincti
1128 799 1259 875 Bacchi.

198 918 267 989 530.
293 899 360 971 Diu
379 897 589 999 multumque
603 905 700 972 etiam
716 893 887 972 obseruare
900 906 1078 974 conueniet
1098 920 1130 972 et
1144 900 1222 972 alias
1244 897 1361 990 il‘ellas.

265 1011 272 1022 ‘
298 1004 332 1072 Si
351 1005 441 1070 enirn
460 1005 634 1098 Iupiterac
649 999 730 1074 calla
744 1007 855 1096 Venus

200 1099 205 1106 ’
296 1097 691 1199 Lunae—circumferatur,
712 1103 895 1178 linealatus
909 1108 1115 1182 Mercurius:

297 1205 473 1287 Omnibus,
489 1207 639 1282 inlucem
655 1235 740 1307 quae
750 1201 978 1306 proferuntur,
993 1213 1236 1280 incrementum
1250 1203 1317 1290 dat,

263 1393 272 1406 .
297 1305 516 1406 Multumque
528 1305 591 1382 fert
607 1305 703 1384 facile
721 1306 867 1384 studium
879 1338 917 1384 ac
931 1335 1009 1409 opes
1027 1303 1185 1382 diuinitus
1203 1327 1315 1412 auget.

198 1431 264 1502 535.
292 1414 326 1484 Si
342 1435 422 1498 vero
437 1413 593 1485 Saturnus
606 1409 764 1485 humidus
776 1415 965 1512 noxiosque
982 1413 1072 1485 Mars
1086 1433 1173 1496 eant,

299 1517 395 1588 Circa
416 1512 547 1600 lunam,
571 1505 887 1613 imminuunt'opera
903 1541 945 1590 ue
966 1510 1028 1587 fint
1045 1513 1204 1614 gloriosa,
1236 1512 1242 1547 ³

179 1665 184 1675 ·
296 1614 611 1718 Agriculturamque
626 1621 816 1691 hominibus
829 1614 1005 1691 ostendunt
1016 1617 1114 1688 multi
1128 1607 1265 1691 sudoris.

299 1721 392 1792 Haec
405 1743 486 1820 ergo
501 1722 667 1818 praeclara
680 1719 770 1818 ligna
790 1727 824 1792 in
842 1719 939 1794 coelo
953 1724 1104 1819 inprimis·
1118 1714 1282 1818 expende,
1341 1777 1346 1780 .

276 1869 278 1874 -
299 1821 426 1920 Quibus
440 1821 510 1894 filia
523 1825 640 1913 These
653 1824 744 1895 utilia
755 1849 859 1921 opera
878 1815 1019 1920 profert,

200 1923 272 2016 540]
288 1925 414 1996 ¹Statim
431 1943 465 1994 vt
480 1931 636 1997 eximiam
651 1931 741 1998 Iouis
756 1921 857 1998 validi
872 1923 1008 2024 stellam,
1027 1939 1032 1947 '
1083 2019 1088 2024 Ι

299 2029 376 2098 Siue
389 2031 542 2111 Veneris,
570 2026 638 2100 fine
654 2023 838 2128 fulgentem
851 2055 889 2100 ac
902 2023 1117 2126 conspicuum
1136 2019 1347 2104 Mercurium
1412 2029 1419 2038 ’

299 2129 429 2201 Habeat
444 2136 602 2202 comitem
616 2152 649 2202 et
664 2138 698 2204 in
714 2129 829 2204 eadent
845 2127 942 2202 sunul
956 2155 1032 2202 cum
1054 2129 1121 2204 illis
1134 2130 1174 2204 stt
1197 2130 1321 2208 semita.-

176 2225 185 2309 ἰ
237 2301 241 2308 ,
295 2230 502 2307 Praeclarum
517 2237 647 2306 initium
663 2229 742 2304 facit
758 2255 855 2332 atquc
872 2233 979 2330 finem
989 2227 1169 2330 hominum
1183 2235 1346 2338 operibus.

173 2351 180 2358 ·
278 2333 333 2417 „st
348 2358 427 2406 vero
442 2333 607 2408 indecoris
624 2335 712 2408 duris
736 2339 769 2408 in
780 2335 919 2410 vinculis
934 2353 1082 2408 teneatur

199 2458 269 2528 545.·
294 2433 519 2515 neruinnosus
534 2443 599 2530 vir,
627 2445 661 2511 in
677 2442 776 2514 ariete
791 2435 873 2512 dtun
884 2435 929 2510 eil
947 2435 1080 2512 venusta
1097 2434 1187 2522 luna,
1260 2511 1269 2528 J

245 2609 249 2614 .
300 2537 451 2610 Turdam
465 2544 593 2612 inuenit
605 2538 806 2614 solutionem
817 2535 1100 2615 acerbissimorum·
1114 2535 1284 2617 dolorum.

258 2665 262 2672 ⁴
300 2641 354 2710 Sic
369 2661 402 2714 et
422 2647 456 2713 in
471 2639 634 2714 aestiuissi
650 2640 868 2742 conspiciatur
883 2640 994 2742 lignis,
1047 2688 1051 2694 ·

198 2803 203 2810 .
299 2742 375 2816 Siue
390 2748 426 2814 in
437 2749 576 2842 geminis
589 2743 656 2818 liue
669 2750 703 2830 in
719 2741 847 2818 excello
868 2742 908 2816 fit
930 2769 1061 2839 cancro,

182 2840 186 2846 ’
211 2843 215 2850 “
237 2901 242 2932 ,.
298 2845 363 2918 Vel
376 2850 520 2939 etiamin
534 2849 701 2918 Nemeaeo
716 2844 856 2918 rnolesso
873 2843 984 2929 leone,
1001 2897 1004 2906 .
1046 2881 1049 2888 ¹

200 2967 269 3040 550.
294 2946 416 3045 Longo
434 2951 584 3046 tempore
598 2943 682 3022 seret
696 2949 886 3022 hominibus
898 2940 1085 3047 'grauissima
1106 2947 1251 3031 vinculo,
1315 2947 1320 2953 ’

136 3062 140 3068 “
220 3055 236 3062 ”’
299 3055 415 3152 Qum
426 3076 506 3123 sero
522 3057 556 3123 in
570 3045 700 3149 scorpio
716 3053 887 3130 aethereo,
913 3046 981 3122 siue
1000 3049 1109 3122 veloci
1262 3061 1288 3142 j

185 3151 191 3160 ’
301 3157 499 3254 Sagittario,
523 3175 639 3238 tauro,
660 3149 980 3246 utetlucidalib'ra,
1113 3154 1115 3160 '
1169 3163 1172 3168 ’

308 3259 386 3328 Siue
397 3260 431 3328 in
446 3254 565 3328 Astraei
580 3252 700 3354 spicam
715 3249 838 3327 ferente
851 3251 917 3326 iilia
959 3256 965 3279 ⁵

301 3351 472 3443 Versatur,
498 3357 638 3430 celerem
653 3356 882 3430 liberationem
899 3349 992 3429 affert
1010 3353 1217 3440 mortalibus,

202 3481 266 3554 555.
292 3465 408 3537 Finem
433 3485 476 3534 ue
488 3460 655 3533 laboribus
669 3464 814 3558 imponit
830 3475 861 3529 et
887 3452 993 3528 ssattm
1008 3459 1182 3544 bominem
1194 3459 1294 3531 leuat.

303 3570 343 3637 In
350 3485 503 3662 pisclbus,
512 3579 655 3660 pontum
662 3559 911 3661 pererrantibus,
927 3559 1056 3630 lunane
1067 3554 1248 3662 splendeat,

302 3671 338 3740 Si
352 3671 442 3738 enim
457 3666 502 3738 ibi
519 3669 661 3750 oriatur,
687 3659 901 3764 enantlandus
915 3662 1184 3762 homiui'noxius
1206 3659 1253 3736 est
1265 3655 1388 3746 dolor,-

141 3840 146 3848 .
194 3768 197 3776 ’
301 3772 345 3842 Et
358 3773 413 3842 vix
427 3768 549 3842 vinculi
564 3765 694 3840 molelli
709 3772 824 3866 ingens
838 3787 929 3864 ⁴onus
1186 3763 1194 3774 ’

236 3929 250 3938 .,
301 3849 458 3972 Effugere
470 3872 562 3966 licet:
583 3869 680 3944 multi
698 3895 777 3961 verq
793 3861 947 3966 usquead
963 3867 1169 3942 vitae'tinem

202 3965 276 4065 5b0.
301 3973 432 4046 Truces
452 3967 630 4069 compedes
646 3967 741 4070 su'per
752 3971 881 4044 artubus
901 3967 1078 4045 tulerunt„

302 4081 336 4154 Si
352 4099 430 4148 vero
444 4073 524 4148 luna
540 4099 616 4146 eum
632 4071 781 4152 benefica
792 4072 880 4146 stella
893 4069 1031 4169 pulchre
1042 4067 1220 4168 splendeat,

294 4181 396 4253 tonis
409 4173 461 4250 vel
473 4179 634 4250 Mercurii
648 4175 702 4250 vel
719 4173 856 4274 pulchre
878 4171 1009 4248 vellitee
1020 4177 1171 4265 Veneris,
1202 4261 1213 4276 ο
1280 4167 1315 4253 ,’

246 4361 248 4370 ,
302 4285 460 4358 Leuiores
475 4303 513 4351 ac
528 4285 624 4378 pauci
639 4295 735 4351 erunt
750 4277 890 4351 labores.
1513 4371 1517 4377 Ι

272 4375 276 4382 ’
306 4379 365 4490 [P]
400 4387 435 4456 Si
444 4376 558 4456 'autem
574 4379 684 4482 rigido
702 4407 778 4454 cum
796 4383 937 4455 Saturno
953 4375 1007 4452 u'el
1022 4379 1132 4456 Marte
1144 4376 1405 4482 circumsecatur,

148 4529 153 4536 ·
202 4489 274 4582 5⁶5·
297 4485 400 4583 Saepe
415 4485 447 4555 vi
461 4480 653 4558 aerumnosa
667 4483 879 4557 vinculorum
893 4483 1056 4568 laborans,
1319 4495 1324 4566 ζ

306 4587 359 4660 Ad
374 4605 634 4688 monemusque
652 4591 685 4658 in
700 4583 846 4660 custodie
862 4581 1069 4660 adunantina
1083 4584 1265 4658 habebitur.
1321 4639 1339 4649 ..
1419 4661 1424 4676 ,

248 4701 479 4797 Vara„
686 4783 722 4802 Ι,
974 4729 977 4735 ·
1103 4689 1181 4778 Yr
